[gd_scene load_steps=5 format=2]

[ext_resource path="res://GUI/Menu/StartMenu/StartMenu.gd" type="Script" id=1]
[ext_resource path="res://GUI/Fonts/Headline1.tres" type="DynamicFont" id=2]
[ext_resource path="res://GUI/Fonts/Buttons.tres" type="DynamicFont" id=3]
[ext_resource path="res://GUI/Themes/MainTheme.tres" type="Theme" id=4]

[node name="StartMenu" type="MarginContainer"]
anchor_right = 1.0
anchor_bottom = 1.0
size_flags_horizontal = 2
size_flags_vertical = 2
script = ExtResource( 1 )
__meta__ = {
"_edit_use_anchors_": false
}

[node name="VBoxContainer" type="VBoxContainer" parent="."]
margin_right = 1024.0
margin_bottom = 1024.0

[node name="Title" type="Label" parent="VBoxContainer"]
margin_right = 1024.0
margin_bottom = 115.0
theme = ExtResource( 4 )
custom_fonts/font = ExtResource( 2 )
text = "[Item Arena]"
align = 1

[node name="MarginContainer" type="MarginContainer" parent="VBoxContainer"]
margin_top = 119.0
margin_right = 1024.0
margin_bottom = 269.0
rect_min_size = Vector2( 0, 150 )

[node name="Options" type="VBoxContainer" parent="VBoxContainer"]
margin_top = 273.0
margin_right = 1024.0
margin_bottom = 645.0
custom_constants/separation = 20

[node name="StartSingleplayer" type="Button" parent="VBoxContainer/Options"]
margin_right = 1024.0
margin_bottom = 78.0
theme = ExtResource( 4 )
disabled = true
text = "Start Singleplayer"

[node name="StartMultiplayer" type="Button" parent="VBoxContainer/Options"]
margin_top = 98.0
margin_right = 1024.0
margin_bottom = 176.0
theme = ExtResource( 4 )
custom_fonts/font = ExtResource( 3 )
text = "Start Multiplayer"

[node name="PlayerSettings" type="Button" parent="VBoxContainer/Options"]
margin_top = 196.0
margin_right = 1024.0
margin_bottom = 274.0
theme = ExtResource( 4 )
custom_fonts/font = ExtResource( 3 )
text = "Player Settings"

[node name="QuitGame" type="Button" parent="VBoxContainer/Options"]
margin_top = 294.0
margin_right = 1024.0
margin_bottom = 372.0
grow_vertical = 0
theme = ExtResource( 4 )
custom_fonts/font = ExtResource( 3 )
text = "Quit"
[connection signal="pressed" from="VBoxContainer/Options/StartSingleplayer" to="." method="_on_StartSingleplayer_pressed"]
[connection signal="pressed" from="VBoxContainer/Options/StartMultiplayer" to="." method="_on_StartMultiplayer_pressed"]
[connection signal="pressed" from="VBoxContainer/Options/PlayerSettings" to="." method="_on_PlayerSettings_pressed"]
[connection signal="pressed" from="VBoxContainer/Options/QuitGame" to="." method="_on_QuitGame_pressed"]
